% Encoding: UTF-8


@misc{.,
 author = {Karahancer, Selvinaz},
 title = {RWTHSeminarTriplegraphgrammatiken},
 keywords = {Graphgrammatiken;Modelltransformation;Pair-Graph Grammatik;QVT;Tripelgraphgrammatik}
}

@inproceedings{dragomir2016compositional,
  title={Compositional semantics and analysis of hierarchical block diagrams},
  author={Dragomir, Iulia and Preoteasa, Viorel and Tripakis, Stavros},
  booktitle={International Symposium on Model Checking Software},
  pages={38--56},
  year={2016},
  organization={Springer}
}
@inproceedings{alur2011formal,
  title={Formal verification of hybrid systems},
  author={Alur, Rajeev},
  booktitle={EMSOFT},
  pages={273--278},
  year={2011},
  organization={IEEE}
}

@inproceedings{sturmer2007mate,
  title={The MATE approach: Enhanced Simulink and Stateflow model transformation},
  author={St{\"u}rmer, Ingo and Kreuz, Ingo and Sch{\"a}fer, Wilhelm and Sch{\"u}rr, Andy},
  booktitle={MathWorks Automotive Conference},
  year={2007}
}
@inproceedings{fulton2015keymaera,
  title={KeYmaera X: an axiomatic tactical theorem prover for hybrid systems},
  author={Fulton, Nathan and Mitsch, Stefan and Quesel, Jan-David and V{\"o}lp, Marcus and Platzer, Andr{\'e}},
  booktitle={International Conference on Automated Deduction},
  pages={527--538},
  year={2015},
  organization={Springer}
}
@inproceedings{schrammel2012hybrid,
  title={From hybrid data-flow languages to hybrid automata: A complete translation},
  author={Schrammel, Peter and Jeannet, Bertrand},
  booktitle={Proceedings of the 15th ACM international conference on Hybrid Systems: Computation and Control},
  pages={167--176},
  year={2012},
  organization={ACM}
}

@techreport{gomes2016causal,
  title={Causal-Block Diagrams},
  author={Gomes, Cl{\'a}udio and Denil, Joachim and Vangheluwe, Hans},
  year={2016},
  institution={Technical report}
}

@book{butcher2016numerical,
  title={Numerical methods for ordinary differential equations},
  author={Butcher, John Charles},
  year={2016},
  publisher={John Wiley \& Sons}
}
@article{.1979,
 author = {Ehrig, Hartmut},
 year = {1979},
 title = {Introduction to the algebraic theory of graph grammars (a survey)}
}

@book{al2008sturm,
  title={Sturm-Liouville theory and its applications},
  author={Al-Gwaiz, Mohammed A},
  year={2008},
  publisher={Springer}
}

@book{RegelungLaplace,
  title={Applied Laplace transforms and z-transforms for scientists and engineers: a computational approach using a Mathematica package},
  author={Graf, Urs},
  year={2012},
  publisher={Birkh{\"a}user}
}

@book{strehmel2012numerik,
  title={Numerik gew{\"o}hnlicher Differentialgleichungen: nichtsteife, steife und differential-algebraische Gleichungen},
  author={Strehmel, Karl and Weiner, R{\"u}diger and Podhaisky, Helmut},
  year={2012},
  publisher={Springer Science \& Business Media}
}

@book{RegelungLinear,
  title={Linear systems and signals},
  author={Lathi, Bhagwandas Pannalal and others},
  volume={2},
  year={2005},
  publisher={Oxford University Press New York:}
}

@inproceedings{abbas2014formal,
  title={Formal property verification in a conformance testing framework},
  author={Abbas, Houssam and Mittelmann, Hans and Fainekos, Georgios},
  booktitle={MEMOCODE},
  pages={155--164},
  year={2014},
  organization={IEEE}
}

@book{kailath1980linear,
  title={Linear systems},
  author={Kailath, Thomas},
  volume={156},
  year={1980},
  publisher={Prentice-Hall Englewood Cliffs, NJ}
}

@book{.1994,
 year = {1994},
 title = {CONCUR'94: Concurrency Theory},
 publisher = {Springer},
 isbn = {3540583297}
}

@book{GrundwissenMathematikstudiumBd2,
author={Brokate, Martin and Henze, Norbert and Hettlich, Frank and Meister, Andreas and Schranz-Kirlinger, Gabriela and Sonar, Thomas},
year={2016},
title={Grundwissen Mathematikstudium}, 
publisher={Springer},
isbn={978-3-642-45077-8}
}

@incollection{.1995,
 author = {Schuerr, Andy},
 title = {Specification of graph translators with triple graph grammars},
 keywords = {Tripelgraphgrammatik;triple graph grammar},
 pages = {151--163},
 volume = {903},
 booktitle = {Lecture Notes in Computer Science 903}
}


@incollection{.1995b,
 author = {Henzinger, Thomas A.},
 title = {What's decidable about hybrid automata?}
}


@book{.1995c,
 year = {1995},
 title = {Automata, Languages and Programming},
 publisher = {Springer},
 isbn = {3540600841}
}


@article{.1997,
 author = {Schuerr, Andy},
 year = {1997},
 title = {Programmed graph replacement systems}
}


@incollection{.1997b,
 author = {Henzinger, Thomas A.},
 title = {HyTech: A model checker for hybrid systems}
}


@book{.2000,
 year = {2000},
 title = {Theory and Application of Graph Transformations: 6th International Workshop, TAGT '98, Paderborn, Germany, November 16 - 20, 1998 ; selected papers},
 address = {Berlin},
 volume = {1764},
 publisher = {Springer},
 isbn = {3540672036},
 editor = {Ehrig, Hartmut}
}


@incollection{.2000b,
 author = {Silva, B. Izaias and Richeson, Keith and Krogh, Bruce and Chutinan, Alongkrit},
 title = {Modeling and verifying hybrid dynamic systems using CheckMate},
 keywords = {Automatisierung;Hybride Automaten;Verifikation}
}


@incollection{.2000c,
 author = {Silva, B. Izaias and Krogh, Bruce},
 title = {Modeling and verification of sampled-data hybrid systems},
 keywords = {Hybride Automaten;Sampled;Verifikation}
}


@proceedings{.2002,
 year = {2002},
 title = {Graph Transformations for Model-based Testing}
}


@book{.2002b,
 year = {2002},
 title = {Graph Transformation},
 publisher = {Springer},
 isbn = {354044310X}
}


@book{.2002c,
 year = {2002},
 title = {Graph Transformation},
 publisher = {Springer},
 isbn = {354044310X}
}


@book{.2002d,
 year = {2002},
 title = {Graph Transformation},
 publisher = {Springer},
 isbn = {354044310X}
}


@incollection{.2002e,
 author = {Posse, Ernesto and De~Lara, Juan and Vangheluwe, Hans},
 title = {Processing causal block diagrams with graphgrammars in atom3},
 keywords = {ATOM;Denotationelle Semantik;Operationale Semantik;WP~I Simulink Semantik;WP~II~Graph Transformations}
}


@book{.2002f,
 year = {2002},
 title = {Hybrid Systems: Computation and Control},
 publisher = {Springer},
 isbn = {354043321X}
}


@book{.2002g,
 year = {2002},
 title = {Hybrid Systems: Computation and Control},
 publisher = {Springer},
 isbn = {354043321X}
}


@proceedings{.2003,
 year = {2003},
 title = {Classification of model transformation approaches},
 volume = {3}
}


@inproceedings{.2003b,
 author = {Caspi, Paul},
 title = {Translating discrete-time Simulink to Lustre},
 keywords = {Simulink Semantik},
 pages = {779--818},
 booktitle = {TECS},
 year = {2005},
 address = {New York}
}


@misc{.2003c,
 author = {Czarnecki, Krzysztof and Helsen, Simon},
 title = {Classification of model transformation approaches},
 keywords = {BA relevant;Eigenes~Paper I;Klassifikation Transformationssprachen;Transformationssprachen},
 publisher = {Citeseer}
}


@incollection{.2003d,
 author = {Tanner, Herbert G. and Pappas, George J.},
 title = {Abstractions of constrained linear systems}
}


@book{.2004,
 year = {2004},
 title = {Lecture Notes in Computer Science},
 volume = {3256}
}


@incollection{.2004b,
 title = {Model Checking Graph Transformations: A Comparison of Two Approaches},
 pages = {226--241},
 volume = {3256},
 booktitle = {Lecture Notes in Computer Science},
 year = {2004}
}


@book{.2004c,
 year = {2004},
 title = {Graph transformations},
 publisher = {Springer},
 isbn = {3540232079}
}


@book{.2004d,
 year = {2004},
 title = {Graph Transformations},
 publisher = {Springer},
 isbn = {3540232079}
}


@book{.2004e,
 year = {2004},
 title = {Applications of Graph Transformations with Industrial Relevance},
 publisher = {Springer},
 isbn = {3540221204}
}


@incollection{.2004f,
 author = {Mony, Hari},
 title = {Scalable automated verification via expert-system guided transformations},
 keywords = {WP~III - Verifikation}
}


@book{.2004g,
 year = {2004},
 title = {Fundamental Approaches to Software Engineering},
 publisher = {Springer},
 isbn = {3540213058}
}


@book{.2004h,
 year = {2004},
 title = {Applications of Graph Transformations with Industrial Relevance},
 publisher = {Springer},
 isbn = {3540221204}
}


@book{.2005,
 year = {2005},
 title = {Model-driven software development},
 publisher = {Springer},
 isbn = {354025613X}
}


@article{.2005b,
 author = {Taentzer, Gabriele},
 year = {2005},
 title = {Model transformation by graph transformation: A comparative study}
}


@book{.2005c,
 year = {2005},
 title = {Model-driven Software Development},
 publisher = {Springer},
 isbn = {354025613X}
}


@book{.2005d,
 year = {2005},
 title = {Hybrid Systems: Computation and Control},
 publisher = {Springer},
 isbn = {3540251081}
}


@book{.2005e,
 year = {2005},
 title = {Processes, Terms and Cycles: Steps on the Road to Infinity},
 publisher = {Springer},
 isbn = {354030911X}
}


@incollection{.2005f,
 author = {Denckla, Ben and Mosterman, Pieter J.},
 title = {Formalizing causal block diagrams for modeling a class of hybrid dynamic systems},
 keywords = {BA~Johannes Wortmann;Denotationelle Semantik;Semantik Simulink;WP~I Simulink Semantik}
}


@incollection{.2005g,
 author = {Denckla, Ben and Mosterman, Pieter J. and Vangheluwe, Hans},
 title = {Towards an executable denotational semantics for causal block diagrams},
 keywords = {BA~Johannes Wortmann;Denotationelle Semantik;Semantik Simulink;WP~I Simulink Semantik}
}


@inproceedings{.2005h,
 author = {Girard, Antoine and Pappas, George J.},
 title = {Approximate bisimulations for nonlinear dynamical systems},
 keywords = {Paper Epsilon Schlauch},
 pages = {684--689},
 publisher = {IEEE},
 booktitle = {Decision and Control, CDC-ECC '05},
 year = {2005}
}


@article{.2005i,
 author = {Girard, Antoine},
 year = {2005},
 title = {Approximate bisimulations for constrained linear systems},
 keywords = {Paper Epsilon Schlauch},
 pages = {1307--1317},
 issn = {0005-1098},
 journal = {Automatica}
}


@incollection{.2005j,
 author = {Massoni, Tiago},
 title = {Formal refactoring for UML class diagrams},
 keywords = {Refactoring;UML;UML~Semantik}
}


@incollection{.2005k,
 author = {Massoni, Tiago and Gheyi, Rohit and Borba, Paulo},
 title = {Formal refactoring for UML class diagrams}
}


@proceedings{.2005l,
 year = {2005},
 title = {ACM Transactions on Embedded Computing Systems (TECS)},
 address = {New York}
}


@proceedings{.2005m,
 year = {2005},
 title = {Decision and Control, 2005 and 2005 European Control Conference. CDC-ECC '05},
 publisher = {IEEE}
}


@book{.2005n,
 year = {2005},
 title = {Hybrid Systems: Computation and Control},
 publisher = {Springer},
 isbn = {3540251081}
}


@book{.2006,
 year = {2006},
 title = {Generative and transformational techniques in software engineering},
 publisher = {Springer},
 isbn = {354045778X}
}


@incollection{.2006b,
 author = {Giese, Holger},
 title = {Towards verified model transformations},
 keywords = {Interaktives Theorembeweisen;Model to code transformation;Transformationskorrektheit},
 pages = {78--93},
 booktitle = {Proceedings 3rd International Workshop:~Model, Development, Validation and Verification}
}


@book{.2006c,
 year = {2006},
 title = {Formal Methods for Open Object-Based Distributed Systems},
 publisher = {Springer},
 isbn = {354034893X}
}


@article{.2006d,
 author = {Kolovos, Dimitrios S.},
 year = {2006},
 title = {The epsilon object language (eol)}
}


@inproceedings{.2006e,
 author = {Edalat, Abbas and Pattinson, Dirk},
 title = {Denotational semantics of hybrid automata},
 keywords = {Denotationelle Semantik Hybride Automaten;Seminar II},
 pages = {231--245},
 volume = {3921},
 series = {LNCS},
 booktitle = {Foundations of Software Science and Computation Structures},
 year = {2006}
}


@book{.2006f,
 year = {2006},
 title = {Model driven engineering languages and systems},
 publisher = {Springer},
 isbn = {3540457720}
}


@incollection{.2006g,
 author = {Jouault, Frederic and Kurtev, Ivan},
 title = {Transforming models with ATL}
}


@inproceedings{.2006h,
 author = {Becker, Basil and Beyer, Dirk and Giese, Holger and Klein, Florian and Schilling, Daniela},
 title = {Symbolic invariant verification for systems with dynamic structural adaptation},
 publisher = {ACM},
 booktitle = {Proceedings of the 28th international conference on software engineering},
 year = {2006}
}


@proceedings{.2006i,
 year = {2006},
 title = {Proceedings of the 28th international conference on software engineering},
 publisher = {ACM}
}


@proceedings{.2006j,
 year = {2006},
 title = {Foundations of Software Science and Computation Structures},
 volume = {3921},
 series = {Lecture Notes in Computer Science}
}


@proceedings{.2007,
 year = {2007},
 title = {Towards an automated test generation for the verification of model transformations},
 publisher = {ACM},
 isbn = {1595934804}
}


@book{.2007b,
 year = {2007},
 title = {Fundamental Approaches to Software Engineering},
 publisher = {Springer},
 isbn = {3540712887}
}


@article{.2007c,
 author = {Stuermer, Ingo and Kreuz, Ingo and Sch{\"a}fer, Wilhelm and Sch{\"u}rr, Andy},
 year = {2007},
 title = {The MATE Approach: Enhanced Simulink{\circledR} and Stateflow{\circledR} Model Transformation},
 keywords = {Simulink Refactorings;WP~II~Graph Transformations}
}


@inproceedings{.2007d,
 author = {Stuermer, Ingo and Travkin, Dietrich},
 title = {Automated Transformation of MATLAB Simulink and Stateflow Models},
 keywords = {BA Mathias;WP~II~Graph Transformations},
 booktitle = {Proc. of 4th Workshop on Object-oriented Modeling of Embedded Real-time Systems},
 year = {2007}
}


@proceedings{.2007e,
 year = {2007},
 title = {Proc. of 4th Workshop on Object-oriented Modeling of Embedded Real-time Systems}
}


@incollection{.2007f,
 author = {Girard, Antoine},
 title = {Symbolic models for nonlinear control systems using approximate bisimulation},
 keywords = {Paper Epsilon Schlauch}
}


@book{.2008,
 year = {2008},
 title = {Fundamental Approaches to Software Engineering},
 publisher = {Springer},
 isbn = {3540787429}
}


@incollection{.2008b,
 author = {Alur, Rajeev and Kanade, Aditya and Ramesh, S. and Shashidhar, K. C.},
 title = {Symbolic analysis for improving simulation coverage of Simulink/Stateflow models},
 keywords = {Hybride Automaten;Simulink;Stateflow}
}


@book{.2008c,
 year = {2008},
 title = {Generative and transformational techniques in software engineering II},
 publisher = {Springer},
 isbn = {3540886427}
}


@inproceedings{.2008d,
 author = {Engels, Gregor and Kleppe, Anneke and Rensink, Arend and Semenyak, Maria and Soltenborn, Christian and Wehrheim, Heike},
 title = {From UML activities to TAAL towards behaviour preserving model transformations},
 keywords = {Eigenes~Paper I;Ergebniskorrektheit},
 volume = {5095},
 isbn = {9783540690955},
 series = {Lecture Notes in Computer Science},
 editor = {Schieferdecker, Ina and Hartman, Alan},
 booktitle = {Model driven architecture - foundations and applications: Literaturangaben},
 year = {2008}
}


@book{.2008e,
 year = {2008},
 title = {Graph Transformations: 4th international conference, ICGT 2008, Leicester, United Kingdom, September 7 - 13, 2008; proceedings: Literaturangaben},
 volume = {5214},
 isbn = {3540874046},
 editor = {Ehrig, Hartmut}
}


@book{.2008f,
 year = {2008},
 title = {Automated Reasoning},
 publisher = {Springer},
 isbn = {3540710698}
}


@incollection{.2008g,
 author = {Deissenboeck, Florian and Hummel, Benjamin and Juergens, Elmar and Sch{\"a}tz, Bernhard and Wagner, Stefan and Girard, Jean-Fancois and Teuchert, Stefan},
 title = {Clone detection in automotive model-based development},
 keywords = {Clone Detection Simulink;Potenzielles Seminarthema}
}


@incollection{.2008h,
 author = {Alur, Rajeev},
 title = {Symbolic analysis for improving simulation coverage of Simulink/Stateflow models},
 keywords = {MA~Umair;Simulink -{\textgreater} Hybrid Automaton}
}


@book{.2009,
 year = {2009},
 title = {Fundamental Approaches to Software Engineering},
 publisher = {Springer},
 isbn = {3642005926}
}


@book{.2009b,
 year = {2009},
 title = {Architecting Dependable Systems VI},
 address = {Berlin},
 volume = {..},
 publisher = {Springer},
 isbn = {3642102476},
 editor = {Lemos, Rog{\'e}rio de}
}


@incollection{.2009c,
 author = {Verdoolaege, Sven},
 title = {Equivalence checking of static affine programs using widening to handle recurrences}
}


@incollection{.2009d,
 author = {Ferrari, Alessio},
 title = {Modeling Guidelines for Code Generation in the Railway Signaling Context},
 keywords = {Simulink Refactorings},
 pages = {166--170}
}


@book{.2009e,
 year = {2009},
 title = {Fundamental Approaches to Software Engineering},
 publisher = {Springer},
 isbn = {3642005926}
}


@incollection{.2009f,
 author = {Chapoutot, Alexandre and Martel, Matthieu},
 title = {Abstract simulation: a static analysis of Simulink models},
 keywords = {Abstrakte Interpretation Simulink;MA~Umair}
}


@incollection{.2009g,
 author = {Kanade, Aditya and Alur, Rajeev and Ivancic, Franjo and Ramesh, S. and Sankaranarayanan, Sriram and Shashidhar, K. C.},
 title = {Generating and analyzing symbolic traces of simulink/stateflow models},
 keywords = {Hybride Automaten;Simulink}
}


@incollection{.2009h,
 author = {Alur, Rajeev},
 title = {Generating and analyzing symbolic traces of simulink/stateflow models},
 keywords = {MA~Umair}
}


@proceedings{.2010,
 year = {2010},
 title = {Towards automated, formal verification of model transformations},
 publisher = {IEEE},
 isbn = {1424464358}
}


@proceedings{.2010b,
 year = {2010},
 title = {SimCheck: An Expressive Type System for Simulink},
 keywords = {WP~I Simulink Semantik;Yices}
}


@article{.2010c,
 author = {Asztalos, Mark},
 year = {2010},
 title = {Towards automated, formal verification of model transformations}
}


@book{.2010d,
 year = {2010},
 title = {Theory and Practice of Model Transformations},
 publisher = {Springer},
 isbn = {3642136877}
}


@book{.2010e,
 year = {2010},
 title = {Model Driven Engineering Languages and Systems},
 publisher = {Springer},
 isbn = {3642161448}
}


@inproceedings{.2010f,
 author = {Huelsbusch, Mathias and K{\"o}nig, Barbara and Rensink, Arend and Semenyak, Maria and Soltenborn, Christian and Wehrheim, Heike},
 title = {Showing full semantics preservation in model transformation a comparison of techniques},
 keywords = {Eigenes~Paper I;in-place Transformationen;in-situ Transformationen;Operationalisierung TGG;Refactorings;Transformationskorrektheit;Tripelgraphgrammatik;triple graph grammar},
 editor = {M{\'e}ry, Dominique and Merz, Stephan},
 booktitle = {Integrated Formal Methods},
 year = {2010}
}


@book{.2010g,
 year = {2010},
 title = {Model Driven Engineering Languages and Systems},
 publisher = {Springer},
 isbn = {3642161448}
}


@inproceedings{.2010h,
 author = {Deissenboeck, Florian and Hummel, Benjamin and Juergens, Elmar and Pfaehler, Michael and Schaetz, Bernhard},
 title = {Model clone detection in practice},
 pages = {57--64},
 publisher = {ACM},
 booktitle = {Proceedings of the 4th International Workshop on Software Clones},
 year = {2010},
 address = {New York}
}


@proceedings{.2010i,
 year = {2010},
 title = {Proceedings of the 4th International Workshop on Software Clones},
 address = {New York},
 publisher = {ACM}
}


@proceedings{.2011,
 year = {2011},
 title = {On validation of ATL transformation rules by transformation models},
 publisher = {ACM},
 isbn = {1450309143}
}


@book{.2011b,
 year = {2011},
 title = {Theory and Practice of Model Transformations},
 publisher = {Springer},
 isbn = {3642217311}
}


@book{.2011c,
 year = {2011},
 title = {Formal Methods and Software Engineering},
 publisher = {Springer},
 isbn = {3642245587}
}


@book{.2011d,
 year = {2011},
 title = {Theory and Practice of Model Transformations},
 publisher = {Springer},
 isbn = {3642217311}
}


@book{.2011e,
 year = {2011},
 title = {Model Driven Engineering Languages and Systems},
 publisher = {Springer},
 isbn = {364224484X}
}


@incollection{.2011f,
 author = {Frehse, Goran},
 title = {SpaceEx: Scalable verification of hybrid systems},
 keywords = {Hybride Automaten;Hybride Systeme;Seminar II}
}


@book{.2011g,
 year = {2011},
 title = {Software Engineering and Formal Methods},
 publisher = {Springer},
 isbn = {3642246893}
}


@incollection{.2011h,
 author = {Alur, Rajeev},
 title = {Formal verification of hybrid systems},
 keywords = {Hybride Systeme;Verifikation}
}


@book{.2012,
 year = {2012},
 title = {Graph Transformations: 6th international conference, ICGT 2012, Bremen, Germany, September 24 - 29, 2012 ; proceedings},
 address = {Berlin},
 volume = {7562},
 publisher = {Springer},
 isbn = {3642336531},
 editor = {Ehrig, Hartmut}
}


@book{.2012b,
 year = {2012},
 title = {Formal Methods and Software Engineering},
 publisher = {Springer},
 isbn = {3642342809}
}


@incollection{.2012c,
 author = {Amrani, Moussa},
 title = {A tridimensional approach for studying the formal verification of model transformations},
 keywords = {WP~III - Verifikation}
}


@incollection{.2012d,
 author = {Alalfi, M. H. and Cordy, J. R.},
 title = {Models are code too: Near-miss clone detection for simulink models},
 keywords = {Clone Detection Simulink;Potenzielles Seminarthema}
}


@incollection{.2012e,
 author = {Moussa, Amrani and Dingel, J{\"u}rgen and Lambers, Leen},
 title = {Towards a model transformation intent catalog},
 keywords = {Refactoring;Related Work Diss preliminary}
}

@proceedings{.2012f,
 year = {2012},
 title = {The complete proof theory of hybrid systems},
 publisher = {{IEEE Computer Society}},
 isbn = {0769547699}
}


@inproceedings{.2013,
 author = {Tran, Quang Minh and Wilmes, Benjamin and Dziobek, Christian},
 title = {Refactoring of Simulink Diagrams via Composition of Transformation Steps},
 keywords = {BA Mathias;Simulink Refactorings;WP~II~Graph Transformations},
 pages = {140--145},
 booktitle = {ICSEA},
 year = {2013}
}


@inproceedings{.2013b,
 author = {Herber, Paula and Reicherdt, Robert and Bittner, Patrick},
 title = {Bit-precise formal verification of discrete-time MATLAB/Simulink models using SMT solving},
 keywords = {Related Work Referenz;Simulink;Simulink Semantik},
 publisher = {{IEEE Press}},
 booktitle = {EMSOFT},
 year = {2013}
}


@incollection{.2013c,
 author = {Sanfelice, Ricardo},
 title = {A toolbox for simulation of hybrid systems in matlab/simulink: hybrid equations (HyEQ) toolbox},
 keywords = {Seminar II}
}


@incollection{.2013d,
 author = {Syriani, Eugene and Vangheluwe, Hans and Mannadiar, Raphael and Hansen, Conner and {van Mierlo}, Simon and Ergin, Heuseyin},
 title = {AToMPM: A Web-based Modeling Environment}
}


@proceedings{.2013e,
 year = {2013},
 title = {ICSEA 2013, The Eighth International Conference on Software Engineering Advances}
}


@proceedings{.2013f,
 year = {2013},
 title = {Proceedings EMSOFT '13 Proceedings of the Eleventh ACM International Conference on Embedded Software},
 publisher = {{IEEE Press}}
}


@proceedings{.2014,
 year = {2014},
 title = {Scalable Verification of Model Transformations}
}


@inproceedings{.2014b,
 author = {Matthew, Stefan},
 title = {Towards a Taxonomy for Simulink Model Mutations},
 keywords = {WP~II~Graph Transformations},
 pages = {206--215},
 publisher = {IEEE},
 booktitle = {ICSTW},
 year = {2014}
}


@book{.2014c,
 year = {2014},
 title = {Software Engineering and Formal Methods},
 publisher = {Springer},
 isbn = {3319104306}
}


@proceedings{.2014d,
 year = {2014},
 title = {Software Testing, Verification and Validation Workshops (ICSTW), 2014 IEEE Seventh International Conference},
 publisher = {IEEE}
}


@book{.b,
 title = {Lecture Notes in Computer Science 903}
}


@book{.c,
 title = {Proceedings 3rd International Workshop:~Model, Development, Validation and Verification}
}


@incollection{.d,
 author = {Tran, Quang Minh},
 title = {Ansatz zur Erstellung und Wartung von Simulink-Modellen durch den Einsatz von Transformationen/Refactorings und Generierungsoperationen},
 keywords = {Simulink Refactorings},
 pages = {1--12},
 booktitle = {Tagungsband des Dagstuhl Workshops, Model-Based Development of Embedded Systems}
}


@book{.e,
 title = {Tagungsband des Dagstuhl Workshops, Model-Based Development of Embedded Systems}
}


@book{.f,
 title = {Tagungsband des Dagstuhl Workshops, Modellbasierte Entwicklung eingebetteter Systeme IV}
}


@proceedings{.g,
 title = {Proceedings of Symposium on Visual Languages}
}


@misc{.h,
 title = {Eclipse Modeling Framework, Wikipedia Artikel},
 url = {http://de.wikipedia.org/wiki/Eclipse_Modeling_Framework}
}


@book{.i,
 title = {s}
}


@article{Agrawal.2004,
 author = {Agrawal, Aditya and Simon, Gyula and Karsai, Gabor},
 year = {2004},
 title = {Semantic translation of Simulink/Stateflow models to hybrid automata using graph transformations},
 keywords = {Simulink Semantik},
 pages = {43--56},
 volume = {109},
 issn = {1571-0661},
 journal = {Electronic Notes in Theoretical Computer Science}
}


@article{Agrawal.2006,
 author = {Agrawal, Aditya and Karsai, Gabor and Neema, Sandeep and Shi, Feng and Vizhanyo, Attila},
 year = {2006},
 title = {The design of a language for model transformations},
 pages = {261--288},
 volume = {5},
 number = {3},
 issn = {1619-1366},
 journal = {Software {\&} Systems Modeling}
}


@unpublished{AlBatran.,
 author = {Al-Batran, Bakr},
 title = {Model-Based Clone Detection using Normal Forms},
 address = {M{\"u}nchen}
}


@incollection{AlBatran.2011,
 author = {Al-Batran, Bakr and Sch{\"a}tz, Bernhard and Hummel, Benjamin},
 title = {Semantic clone detection for model-based development of embedded systems},
 keywords = {Simulink Semantik},
 pages = {258--272},
 publisher = {Springer},
 isbn = {364224484X},
 booktitle = {Model Driven Engineering Languages and Systems},
 year = {2011}
}


@book{Alur.1993,
 author = {Alur, Rajeev and Courcoubetis, Costas and Henzinger, Thomas A. and Ho, Pei-Hsin},
 year = {1993},
 title = {Hybrid automata: An algorithmic approach to the specification and verification of hybrid systems},
 publisher = {Springer},
 isbn = {3540573186}
}


@article{Alur.1996,
 author = {Alur, Rajeev and Henzinger, Thomas A. and Ho, Pei-Hsin},
 year = {1996},
 title = {Automatic symbolic verification of embedded systems},
 keywords = {Hybride Systeme},
 pages = {181--201},
 volume = {22},
 number = {3},
 issn = {0098-5589},
 journal = {Software Engineering, IEEE Transactions on}
}


@article{Alur.2000,
 author = {Alur, Rajeev and Henzinger, Thomas A. and Lafferriere, Gerardo and Pappas, George J.},
 year = {2000},
 title = {Discrete abstractions of hybrid systems},
 keywords = {Paper Epsilon Schlauch},
 pages = {971--984},
 volume = {88},
 number = {7},
 issn = {0018-9219},
 journal = {Proceedings of the IEEE}
}


@article{Alur.2006,
 author = {Alur, Rajeev and Dang, Thao and Ivan{\v{c}}i{\'c}, Franjo},
 year = {2006},
 title = {Predicate abstraction for reachability analysis of hybrid systems},
 keywords = {Abstrakte Interpretation Simulink;MA~Umair},
 pages = {152--199},
 volume = {5},
 number = {1},
 issn = {1539-9087},
 journal = {ACM Transactions on Embedded Computing Systems (TECS)}
}


@article{Alur.2006b,
 author = {Alur, Rajeev and Dang, Thao and Ivan{\v{c}}i{\'c}, Franjo},
 year = {2006},
 title = {Counterexample-guided predicate abstraction of hybrid systems},
 keywords = {Abstrakte Interpretation Simulink;CEGAR;MA~Umair},
 pages = {250--271},
 volume = {354},
 number = {2},
 issn = {0304-3975},
 journal = {Theoretical Computer Science}
}


@article{Andries.1999b,
 author = {Andries, Marc and Engels, Gregor and Habel, Annegret and Hoffmann, Berthold and Kreowski, Hans-J{\"o}rg and Kuske, Sabine and Plump, Detlef and Sch{\"u}rr, Andy and Taentzer, Gabriele},
 year = {1999},
 title = {Graph transformation for specification and programming},
 keywords = {Eigenes~Paper I;Graphtransformation},
 pages = {1--54},
 volume = {34},
 number = {1},
 issn = {0167-6423},
 journal = {Science of Computer Programming}
}


@incollection{Arendt.2010,
 author = {Arendt, Thorsten and Biermann, Enrico and Jurack, Stefan and Krause, Christian and Taentzer, Gabriele},
 title = {Henshin: advanced concepts and tools for in-place EMF model transformations},
 keywords = {Refactoring},
 pages = {121--135},
 publisher = {Springer},
 isbn = {3642161448},
 booktitle = {Model Driven Engineering Languages and Systems},
 year = {2010}
}


@article{Audemard.2005,
 author = {Audemard, Gilles and Bozzano, Marco and Cimatti, Alessandro and Sebastiani, Roberto},
 year = {2005},
 title = {Verifying industrial hybrid systems with MathSAT},
 keywords = {Automatisierung;Hybride Automaten},
 pages = {17--32},
 volume = {119},
 number = {2},
 issn = {1571-0661},
 journal = {Electronic Notes in Theoretical Computer Science}
}


@book{Aulbach.2004,
 author = {Aulbach, Bernd},
 year = {2004},
 title = {Gew{\"o}hnliche Differenzialgleichungen: Hier auch sp{\"a}ter erschienene, unver{\"a}nderte Nachdrucke},
 address = {M{\"u}nchen},
 edition = {2. Aufl},
 publisher = {{Elsevier Spektrum Akad. Verl}},
 isbn = {978-3-8274-1492-2}
}


@article{Balasubramanian.2006,
 author = {Balasubramanian, Krishnakumar and Gokhale, Aniruddha and Karsai, Gabor and Sztipanovits, Janos and Neema, Sandeep},
 year = {2006},
 title = {Developing applications using model-driven design environments},
 pages = {33--40},
 volume = {39},
 number = {2},
 issn = {0018-9162},
 journal = {Computer}
}


@article{Baldan.2005,
 author = {Baldan, Paolo and Corradini, Andrea and Ehrig, Hartmut and Heckel, Reiko},
 year = {2005},
 title = {Compositional semantics for open Petri nets based on deterministic processes},
 keywords = {Eigenes~Paper I;Offene Petrinetze},
 pages = {1--35},
 volume = {15},
 number = {01},
 journal = {Mathematical Structures in Computer Science}
}


@unpublished{BarbaraKonig.3.7.2006,
 author = {{Barbara K{\"o}nig}},
 year = {3.7.2006},
 title = {Programmanalyse: Skript zur Vorlesung im Sommersemester 2006 an der Universit{\"a}t Duisburg-Essen},
 keywords = {Berechenbarkeit, Entscheidbarkeit}
}


@incollection{Baresi.2002b,
 author = {Baresi, Luciano and Heckel, Reiko},
 title = {Tutorial introduction to graph transformation: A software engineering perspective},
 keywords = {Eigenes~Paper I;Einf{\"u}hrung Transformationen;Klassifikation Transformationssprachen;Seminar II;Transformationssprachen},
 pages = {402--429},
 publisher = {Springer},
 isbn = {354044310X},
 booktitle = {Graph Transformation},
 year = {2002}
}


@book{Barr.1990,
 author = {Barr, Michael and Wells, Charles},
 year = {1990},
 title = {Category theory for computing science},
 publisher = {{Prentice Hall New York}}
}


@article{Barr.1999,
 author = {Barr, Michael and Wells, Charles},
 year = {1999},
 title = {Category Theory Lecture Notes for ESSLLI},
 keywords = {Eigenes~Paper I;Kategorientheorie},
 volume = {99},
 journal = {Lecture Notes for ESSLLI}
}


@incollection{Becker.2011,
 author = {Becker, Basil and Lambers, Leen and Dyck, Johannes and Birth, Stefanie and Giese, Holger},
 title = {Iterative development of consistency-preserving rule-based refactorings},
 keywords = {Refactoring},
 pages = {123--137},
 publisher = {Springer},
 isbn = {3642217311},
 booktitle = {Theory and Practice of Model Transformations},
 year = {2011}
}


@incollection{Bezivin.2006,
 author = {B{\'e}zivin, Jean and B{\"u}ttner, Fabian and Gogolla, Martin and Jouault, Frederic and Kurtev, Ivan and Lindow, Arne},
 title = {Model transformations? transformation models!},
 pages = {440--453},
 publisher = {Springer},
 isbn = {3540457720},
 booktitle = {Model driven engineering languages and systems},
 year = {2006}
}


@article{Biehl.2010,
 author = {Biehl, Matthias},
 year = {2010},
 title = {Literature study on model transformations},
 keywords = {Eigenes~Paper I;Modelltransformationen {\"U}berblick},
 journal = {Royal Institute of Technology, Tech. Rep. ISRN/KTH/MMK}
}


@phdthesis{Biermann.01.01.2006,
 author = {Biermann, Enrico and Kuhns, G{\"u}nter},
 year = {01.01.2006},
 title = {Konzeption und Implementierung einer regelbasierten Transformationskomponente f{\"u}r das Eclipse Modeling Framework},
 keywords = {AGG;EMF;WP~II~Graph Transformations},
 school = {{Master's thesis, Technical University of Berlin, Department of Computer Science}}
}


@article{Biermann.2007,
 author = {Biermann, Enrico and Ehrig, Karsten and K{\"o}hler, Christian and Kuhns, G{\"u}nter and Taentzer, Gabriele and Weiss, Eduard},
 year = {2007},
 title = {EMF model refactoring based on graph transformation concepts},
 keywords = {Refactoring},
 volume = {3},
 issn = {1863-2122},
 journal = {Electronic Communications of the EASST}
}


@article{Biermann.2010,
 author = {Biermann, Enrico and Ermel, Claudia and Lambers, Leen and Prange, Ulrike and Runge, Olga and Taentzer, Gabriele},
 year = {2010},
 title = {Introduction to AGG and EMF Tiger by modeling a conference scheduling system},
 pages = {245--261},
 volume = {12},
 number = {3-4},
 issn = {1433-2779},
 journal = {International Journal on Software Tools for Technology Transfer}
}


@incollection{Bisztray.2008,
 author = {Bisztray, D{\'e}nes and Heckel, Reiko and Ehrig, Hartmut},
 title = {Verification of architectural refactorings by rule extraction},
 pages = {347--361},
 publisher = {Springer},
 isbn = {3540787429},
 booktitle = {Fundamental Approaches to Software Engineering},
 year = {2008}
}


@incollection{Bisztray.2009,
 author = {Bisztray, D{\'e}nes and Heckel, Reiko and Ehrig, Hartmut},
 title = {Compositional verification of architectural refactorings},
 keywords = {Eigenes~Paper I},
 pages = {308--333},
 volume = {..},
 publisher = {Springer},
 isbn = {3642102476},
 editor = {Lemos, Rog{\'e}rio de},
 booktitle = {Architecting Dependable Systems VI},
 year = {2009},
 address = {Berlin}
}


@incollection{Boronat.2009,
 author = {Boronat, Artur and Heckel, Reiko and Meseguer, Jos{\'e}},
 title = {Rewriting logic semantics and verification of model transformations},
 keywords = {endogene Transformation, relationale Transformation, QVT},
 pages = {18--33},
 publisher = {Springer},
 isbn = {3642005926},
 booktitle = {Fundamental Approaches to Software Engineering},
 year = {2009}
}


@incollection{Boronat.2009b,
 author = {Boronat, Artur and Heckel, Reiko and Meseguer, Jos{\'e}},
 title = {Rewriting logic semantics and verification of model transformations},
 keywords = {Eigenes~Paper I;WP~III - Verifikation},
 pages = {18--33},
 publisher = {Springer},
 isbn = {3642005926},
 booktitle = {Fundamental Approaches to Software Engineering},
 year = {2009}
}


@incollection{Bostrom.2011,
 author = {Bostr{\"o}m, Pontus},
 title = {Contract-based verification of simulink models},
 pages = {291--306},
 publisher = {Springer},
 isbn = {3642245587},
 booktitle = {Formal Methods and Software Engineering},
 year = {2011}
}


@article{Bouissou.2012,
 author = {Bouissou, Olivier and Chapoutot, Alexandre},
 year = {2012},
 title = {An operational semantics for Simulink's simulation engine},
 keywords = {Simulink Semantik},
 pages = {129--138},
 volume = {47},
 number = {5},
 issn = {1450312128},
 journal = {ACM SIGPLAN Notices}
}


@book{Butcher.2005,
 author = {Butcher, John Charles},
 year = {2005},
 title = {Numerical methods for ordinary differential equations},
 url = {http://dx.doi.org/10.1002/0470868279},
 address = {Chichester},
 publisher = {Wiley},
 isbn = {978-0-471-96758-3}
}


@book{Butcher.2008,
 author = {Butcher, John Charles},
 year = {2008},
 title = {Numerical methods for ordinary differential equations},
 url = {http://site.ebrary.com/lib/alltitles/docDetail.action?docID=10232593},
 address = {Chichester},
 edition = {2. ed.},
 publisher = {Wiley},
 isbn = {978-0470723357},
 doi = {10.1002/9780470753767}
}


@incollection{Buttner.2012,
 author = {B{\"u}ttner, Fabian and Egea, Marina and Cabot, Jordi and Gogolla, Martin},
 title = {Verification of ATL transformations using transformation models and model finders},
 pages = {198--213},
 publisher = {Springer},
 isbn = {3642342809},
 booktitle = {Formal Methods and Software Engineering},
 year = {2012}
}


@incollection{Cassez.2002,
 author = {Cassez, Franck and Henzinger, Thomas A. and Raskin, Jean-Fran{\c{c}}ois},
 title = {A comparison of control problems for timed and hybrid systems},
 keywords = {Hybride Automaten;Konzepte f{\"u}r Semantiken;Seminar SS~2015},
 pages = {134--148},
 publisher = {Springer},
 isbn = {354043321X},
 booktitle = {Hybrid Systems: Computation and Control},
 year = {2002}
}


@article{Chutinan.2003,
 author = {Chutinan, Alongkrit and Krogh, Bruce H.},
 year = {2003},
 title = {Computational techniques for hybrid system verification},
 keywords = {Hybride Automaten;WP~III - Verifikation},
 pages = {64--75},
 volume = {48},
 number = {1},
 issn = {0018-9286},
 journal = {Automatic Control, IEEE Transactions on}
}


@article{Chutinan.2003b,
 author = {Chutinan, Alongkrit and Krogh, Bruce H.},
 year = {2003},
 title = {Computational techniques for hybrid system verification},
 keywords = {Automatisierung;Hybride Automaten;Verifikation},
 pages = {64--75},
 volume = {48},
 number = {1},
 issn = {0018-9286},
 journal = {Automatic Control, IEEE Transactions on}
}


@article{Clarke.1996,
 author = {Clarke, Edmund M. and Wing, Jeannette M.},
 year = {1996},
 title = {Formal methods: State of the art and future directions},
 keywords = {Formale Methoden Grundlagen},
 pages = {626--643},
 volume = {28},
 number = {4},
 issn = {0360-0300},
 journal = {ACM Computing Surveys (CSUR)}
}


@article{Clarke.2003,
 author = {Clarke, Edmund and Fehnker, Ansgar and Han, Zhi and Krogh, Bruce and Ouaknine, Jo{\"e}l and Stursberg, Olaf and Theobald, Michael},
 year = {2003},
 title = {Abstraction and counterexample-guided refinement in model checking of hybrid systems},
 pages = {583--604},
 volume = {14},
 number = {04},
 issn = {0129-0541},
 journal = {International Journal of Foundations of Computer Science}
}


@article{Clarke.2003b,
 author = {Clarke, Edmund and Fehnker, Ansgar and Han, Zhi and Krogh, Bruce and Ouaknine, Jo{\"e}l and Stursberg, Olaf and Theobald, Michael},
 year = {2003},
 title = {Abstraction and counterexample-guided refinement in model checking of hybrid systems},
 keywords = {Abstrakte Interpretation Simulink;CEGAR;MA~Umair},
 pages = {583--604},
 volume = {14},
 number = {04},
 issn = {0129-0541},
 journal = {International Journal of Foundations of Computer Science}
}


@book{Coddington.2012,
 author = {Coddington, Earl A.},
 year = {2012},
 title = {An Introduction to Ordinary Differential Equations},
 url = {http://gbv.eblib.com/patron/FullRecord.aspx?p=1894903},
 address = {Newburyport},
 publisher = {{Dover Publications}},
 isbn = {978-0486659428},
 series = {Dover Books on Mathematics}
}


@book{Conway.2010,
 author = {Conway, John B.},
 year = {2010},
 title = {A course in functional analysis},
 price = {(pbk.) {\pounds}49.99},
 address = {New York NY u.a.},
 edition = {2. ed.},
 volume = {96},
 publisher = {Springer},
 isbn = {978-1-4419-3092-7},
 series = {Graduate texts in mathematics}
}


@phdthesis{Corless.2011,
 author = {Corless, Martin},
 year = {2011},
 title = {Introduction to Dynamic Systems},
 url = {http://www.hamilton.ie/ollie/Downloads/Dyn.pdf},
 keywords = {Diskrete Systeme;Dynamische Systeme;Hybride Systeme;Kontinuierliche Systeme;Laplace Transformationen},
 address = {West Lafayette, Indiana},
 urldate = {13.04.2015},
 publisher = {School of Aeronautics {\&} Astronautics},
 school = {{Purdue University}},
 type = {Scriptum}
}


@article{Cortes.2008,
 author = {Cortes, Jorge},
 year = {2008},
 title = {Discontinuous dynamical systems},
 pages = {36--73},
 volume = {28},
 number = {3},
 issn = {1066-033X},
 journal = {Control Systems, IEEE}
}


@article{Czarnecki.2006,
 author = {Czarnecki, Krzysztof and Helsen, Simon},
 year = {2006},
 title = {Feature-based survey of model transformation approaches},
 keywords = {Eigenes~Paper I},
 pages = {621--645},
 volume = {45},
 number = {3},
 issn = {0018-8670},
 journal = {IBM Systems Journal}
}


@article{daCostaSimoneAndre.2009,
 author = {{da Costa, Simone Andr{\'e}} and Ribeiro, Leila},
 year = {2009},
 title = {Formal verification of graph grammars using mathematical induction},
 keywords = {Ergebniskorrektheit;M2C},
 pages = {43--60},
 volume = {240},
 issn = {1571-0661},
 journal = {Electronic Notes in Theoretical Computer Science}
}


@article{daCostaSimoneAndre.2012,
 author = {{da Costa, Simone Andr{\'e}} and Ribeiro, Leila},
 year = {2012},
 title = {Verification of graph grammars using a logical approach},
 pages = {480--504},
 volume = {77},
 number = {4},
 issn = {0167-6423},
 journal = {Science of Computer Programming}
}


@article{Detten.2012,
 author = {Detten, Markus von and Heinzemann, Christian and Platenius, Marie Christin and Rieke, Jan and Travkin, Dietrich and Hildebrandt, Stephan and Helmert},
 year = {2012},
 title = {Story diagrams--syntax and semantics},
 keywords = {Eigenes~Paper I;Java;Operationale Transformation;Story Diagrams},
 journal = {Software Engineering Group, Heinz Nixdorf Institute, University of Paderborn, Tech. Rep. tr-ri-12-324}
}


@incollection{Eggers.2011,
 author = {Eggers, Andreas and Ramdani, Nacim and Nedialkov, Nedialko and Fr{\"a}nzle, Martin},
 title = {Improving SAT modulo ODE for hybrid systems analysis by combining different enclosure methods},
 pages = {172--187},
 publisher = {Springer},
 isbn = {3642246893},
 booktitle = {Software Engineering and Formal Methods},
 year = {2011}
}


@incollection{Ehrig.1987,
 author = {Ehrig, Hartmut},
 title = {Tutorial introduction to the algebraic approach of graph grammars},
 url = {http://dx.doi.org/10.1007/3-540-18771-5_40},
 pages = {1--14},
 volume = {291},
 publisher = {{Springer Berlin Heidelberg}},
 isbn = {978-3-540-18771-4},
 series = {Lecture Notes in Computer Science},
 editor = {Ehrig, Hartmut and Nagl, Manfred and Rozenberg, Grzegorz and Rosenfeld, Azriel},
 booktitle = {Graph-Grammars and Their Application to Computer Science},
 year = {1987},
 doi = {10.1007/3-540-18771-5{\textunderscore }40}
}


@book{Ehrig.1987b,
 year = {1987},
 title = {Graph-Grammars and Their Application to Computer Science},
 publisher = {{Springer Berlin Heidelberg}},
 isbn = {978-3-540-18771-4},
 series = {Lecture Notes in Computer Science},
 editor = {Ehrig, Hartmut and Nagl, Manfred and Rozenberg, Grzegorz and Rosenfeld, Azriel}
}


@book{Ehrig.2004,
 author = {Ehrig, Hartmut and Prange, Ulrike and Taentzer, Gabriele},
 year = {2004},
 title = {Fundamental theory for typed attributed graph transformation},
 publisher = {Springer},
 isbn = {3540232079}
}


@book{Ehrig.2005,
 author = {Ehrig, Hartmut and Ehrig, Karsten and Lara, Juan de and Taentzer, Gabriele and Varr{\'o}, D{\'a}niel and Varr{\'o}-Gyapay, Szilvia},
 year = {2005},
 title = {Termination criteria for model transformation},
 publisher = {Springer},
 isbn = {354025420X}
}


@incollection{Ehrig.2006,
 author = {Ehrig, Karsten and K{\"u}ster, Jochen M. and Taentzer, Gabriele and Winkelmann, Jessica},
 title = {Generating instance models from meta models},
 pages = {156--170},
 publisher = {Springer},
 isbn = {354034893X},
 booktitle = {Formal Methods for Open Object-Based Distributed Systems},
 year = {2006}
}


@book{Ehrig.2006b,
 author = {Ehrig, Hartmut},
 year = {2006},
 title = {Fundamentals of algebraic graph transformation},
 keywords = {Eigenes~Paper I},
 address = {Berlin},
 publisher = {Springer},
 isbn = {3-540-31187-4}
}


@article{Ehrig.2006c,
 author = {Ehrig, Hartmut and Ehrig, Karsten},
 year = {2006},
 title = {Overview of formal concepts for model transformations based on typed attributed graph transformation},
 keywords = {Eigenes~Paper I;Graphtransformation},
 pages = {3--22},
 volume = {152},
 issn = {1571-0661},
 journal = {Electronic Notes in Theoretical Computer Science}
}


@article{Ehrig.2006d,
 author = {Ehrig, Karsten and Taentzer, Gabriele and Varr{\'o}, D{\'a}niel},
 year = {2006},
 title = {Tool integration by model transformations based on the eclipse modeling framework},
 keywords = {WP~II~Graph Transformations},
 pages = {1861},
 volume = {12},
 journal = {EASST Newsletter}
}


@incollection{Ehrig.2007,
 author = {Ehrig, Hartmut and Ehrig, Karsten and Ermel, Claudia and Hermann, Frank and Taentzer, Gabriele},
 title = {Information preserving bidirectional model transformations},
 pages = {72--86},
 publisher = {Springer},
 isbn = {3540712887},
 booktitle = {Fundamental Approaches to Software Engineering},
 year = {2007}
}


@book{Ehrig.2008,
 author = {Ehrig, Hartmut},
 year = {2008},
 title = {Graph transformations: 4th international conference, ICGT 2008, Leicester, United Kingdom, September 7 - 13, 2008; proceedings: Literaturangaben},
 keywords = {Graphersetzungssystem;Graph-Grammatik;Hypergraph},
 address = {Berlin},
 volume = {5214},
 publisher = {Springer},
 isbn = {9783540874041},
 series = {Lecture Notes in Computer Science}
}


@incollection{Fischer.2000,
 author = {Fischer, Thorsten and Niere, J{\"o}rg and Torunski, Lars and Z{\"u}ndorf, Albert},
 title = {Story diagrams: A new graph rewrite language based on the unified modeling language and java},
 keywords = {Eigenes~Paper I},
 pages = {296--309},
 volume = {1764},
 publisher = {Springer},
 isbn = {3540672036},
 editor = {Ehrig, Hartmut},
 booktitle = {Theory and Application of Graph Transformations},
 year = {2000},
 address = {Berlin}
}


@book{Forster.2007,
 author = {Forster, Otto},
 year = {2007},
 title = {Integralrechnung im IRn mit Anwendungen},
 price = {EUR 24,90},
 keywords = {Distribution;Laplace-Differentialgleichung;Lebesgue-Integral;Lehrbuch;Stokes-Integralsatz;Vektorfeld},
 address = {Wiesbaden},
 edition = {4. Aufl.},
 volume = {/ Otto Forster ; 3},
 publisher = {Vieweg},
 isbn = {9783528372521},
 series = {Vieweg-Studium Aufbaukurs Mathematik}
}


@book{Forster.2011,
 author = {Forster, Otto},
 year = {2011},
 title = {Differentialrechnung im R n, gew{\"o}hnliche Differentialgleichungen},
 edition = {9., {\"u}berarb. Aufl.},
 isbn = {978-3-8348-1231-5},
 series = {Studium : Grundkurs Mathematik}
}


@book{Forster.2013,
 author = {Forster, Otto},
 year = {2013},
 title = {Differential- und Integralrechnung einer Ver{\"a}nderlichen: Analysis},
 address = {Braunschweig},
 edition = {11., erw. Aufl.},
 publisher = {Vieweg},
 isbn = {978-3658003166}
}


@book{Fowler.2013,
 author = {Fowler, Martin and Beck, Kent},
 year = {2013},
 title = {Refactoring: Improving the design of existing code},
 keywords = {Design;Object-oriented programming (Computer science);Programmoptimierung;Programmtransformation;Reengineering;Refactoring;Software;Software Engineering;Software refactoring;Verbesserung},
 address = {Boston},
 edition = {28. printing},
 publisher = {Addison-Wesley},
 isbn = {0201485672},
 series = {The Addison-Wesley object technology series}
}


@article{Gerlitz.,
 author = {Gerlitz, Thomas and Tran, Quang Minh and Dziobek, Christian},
 title = {Detection and Handling of Model Smells for MATLAB/Simulink Models}
}


@proceedings{Giese.,
 title = {Proceedings of the Model-Based Development of Embedded Systems Workshop (MBEES)},
 editor = {Giese, Holger}
}


@incollection{Giese.2012,
 author = {Giese, Holger and Lambers, Leen},
 title = {Towards automatic verification of behavior preservation for model transformation via invariant checking},
 keywords = {Eigenes~Paper I;Invariant Checking;Transformationskorrektheit},
 pages = {249--263},
 volume = {7562},
 publisher = {Springer},
 isbn = {3642336531},
 editor = {Ehrig, Hartmut},
 booktitle = {Graph Transformations},
 year = {2012},
 address = {Berlin}
}


@article{Giese.2012b,
 author = {Giese, Holger and Hildebrandt, Stephan and Lambers, Leen},
 year = {2012},
 title = {Bridging the gap between formal semantics and implementation of triple graph grammars},
 keywords = {Tripelgraphgrammatik;triple graph grammar},
 pages = {1--27},
 issn = {1619-1366},
 journal = {Software {\&} Systems Modeling}
}


@article{Girard.2007,
 author = {Girard, Antoine and Pappas, George J.},
 year = {2007},
 title = {Approximation metrics for discrete and continuous systems},
 keywords = {Approximate Bisimulation;Hybride Systeme;Metrik},
 pages = {782--798},
 volume = {52},
 number = {5},
 issn = {0018-9286},
 journal = {Automatic Control, IEEE Transactions on}
}


@article{Girard.2007b,
 author = {Girard, Antoine and Pappas, George J.},
 year = {2007},
 title = {Approximate bisimulation relations for constrained linear systems},
 keywords = {Hybride Systeme;Lineare Systeme},
 pages = {1307--1317},
 volume = {43},
 number = {8},
 issn = {0005-1098},
 journal = {Automatica}
}


@article{Girard.2008,
 author = {Girard, Antoine and Julius, A. Agung and Pappas, George J.},
 year = {2008},
 title = {Approximate simulation relations for hybrid systems},
 keywords = {Approximate Bisimulation;Seminar SS~2015},
 pages = {163--179},
 volume = {18},
 number = {2},
 issn = {0924-6703},
 journal = {Discrete Event Dynamic Systems}
}


@article{Girard.2011,
 author = {Girard, Antoine and Pappas, George J.},
 year = {2011},
 title = {Approximate bisimulation: A bridge between computer science and control theory},
 keywords = {Paper Epsilon Schlauch},
 pages = {568--578},
 volume = {17},
 number = {5},
 issn = {0947-3580},
 journal = {European Journal of Control}
}


@book{Goebel.2012,
 author = {Goebel, Rafal and Sanfelice, Ricardo G. and Teel, Andrew R.},
 year = {2012},
 title = {Hybrid Dynamical Systems: modeling, stability, and robustness},
 keywords = {Hybride Systeme;hybride Systeme mit Kontrollfluss;IFM~Paper 2016;Robustheit;Stabilit{\"a}t},
 publisher = {{Princeton University Press}},
 isbn = {1400842638}
}


@incollection{Golas.2012,
 author = {Golas, Ulrike and Lambers, Leen and Ehrig, Hartmut and Giese, Holger},
 title = {Toward bridging the gap between formal foundations and current practice for triple graph grammars},
 pages = {141--155},
 volume = {7562},
 publisher = {Springer},
 isbn = {3642336531},
 editor = {Ehrig, Hartmut},
 booktitle = {Graph Transformations},
 year = {2012},
 address = {Berlin}
}


@book{Gossel.1982,
 author = {G{\"o}ssel, Michael},
 year = {1982},
 title = {Nonlinear time-discrete systems: A general approach by nonlinear superposition},
 keywords = {Diskrete Systeme;Nichtlineare diskrete Systeme;Normalform diskrete Systeme;Regelungstechnik;Related Work Diss preliminary},
 address = {Berlin},
 volume = {41},
 publisher = {Springer},
 isbn = {3-540-11914-0},
 series = {Lecture notes in control and information sciences}
}


@incollection{Grunske.2005,
 author = {Grunske, Lars and Geiger, Leif and Z{\"u}ndorf, Albert and {van Eetvelde}, Niels and {van Gorp}, Pieter and Varro, Daniel},
 title = {Using graph transformation for practical model-driven software engineering},
 pages = {91--117},
 publisher = {Springer},
 isbn = {354025613X},
 booktitle = {Model-driven Software Development},
 year = {2005}
}


@article{Guide.,
 title = {Model Examiner (M-XAM) User Guide}
}


@book{Haarslev.1995,
 author = {Haarslev, Volker},
 year = {1995},
 address = {Los Alamitos, Calif.},
 publisher = {{IEEE Computer Society Press}},
 isbn = {0-8186-7045-2},
 institution = {{International Symposium on Visual Languages {\textless}11, 1995, Darmstadt{\textgreater}}}
}


@article{Habel.1996,
 author = {Habel, Annegret and Heckel, Reiko and Taentzer, Gabriele},
 year = {1996},
 title = {Graph grammars with negative application conditions},
 keywords = {Eigenes~Paper I},
 pages = {287--313},
 volume = {26},
 number = {3},
 issn = {0169-2968},
 journal = {Fundamenta Informaticae}
}


@article{Habel.2009,
 author = {Habel, Annegret and Pennemann, Karl-heinz},
 year = {2009},
 title = {Correctness of high-level transformation systems relative to nested conditions},
 pages = {245--296},
 volume = {19},
 number = {2},
 journal = {Mathematical Structures in Computer Science}
}


@article{Hack.2003,
 author = {Hack, Sebastian},
 year = {2003},
 title = {Graphersetzung f{\"u}r Optimierungen in der Codeerzeugung},
 journal = {Master's thesis, Universit{\"a}t Karlsruhe}
}


@article{Haghverdi.2005,
 author = {Haghverdi, Esfandiar and Tabuada, Paulo and Pappas, George J.},
 year = {2005},
 title = {Bisimulation relations for dynamical, control, and hybrid systems},
 keywords = {Paper Epsilon Schlauch},
 pages = {229--261},
 volume = {342},
 number = {2},
 issn = {0304-3975},
 journal = {Theoretical Computer Science}
}


@incollection{Hamon.2004,
 author = {Hamon, Gr{\'e}goire and Rushby, John},
 title = {An operational semantics for Stateflow},
 keywords = {Stateflow},
 pages = {229--243},
 publisher = {Springer},
 isbn = {3540213058},
 booktitle = {Fundamental Approaches to Software Engineering},
 year = {2004}
}


@article{Hanus.2003,
 author = {Hanus, Michael},
 year = {2003},
 title = {Curry An Integrated Functional Logic Language Version 0.8. 1}
}


@article{Harel.2004,
 author = {Harel, David and Rumpe, Bernhard},
 year = {2004},
 title = {Meaningful modeling: what's the semantics of{\dq} semantics{\dq}?},
 pages = {64--72},
 volume = {37},
 number = {10},
 issn = {0018-9162},
 journal = {Computer}
}


@incollection{Heckel.2002,
 author = {Heckel, Reiko and K{\"u}ster, Jochen Malte and Taentzer, Gabriele},
 title = {Confluence of typed attributed graph transformation systems},
 keywords = {Eigenes~Paper I},
 pages = {161--176},
 publisher = {Springer},
 isbn = {354044310X},
 booktitle = {Graph Transformation},
 year = {2002}
}


@article{Heckel.20052005,
 author = {Heckel, Reiko},
 year = {2005, [2005},
 title = {Graph transformation in a nutshell},
 keywords = {Graphtransformation;typed graph},
 pages = {187--198},
 volume = {2006},
 number = {148},
 issn = {1571-0661},
 journal = {Electronic Notes in Theoretical Computer Science}
}


@incollection{Henzinger.1995,
 author = {Henzinger, Thomas A.},
 title = {Hybrid automata with finite bisimulations},
 pages = {324--335},
 publisher = {Springer},
 isbn = {3540600841},
 booktitle = {Automata, Languages and Programming},
 year = {1995}
}


@article{Henzinger.1999,
 author = {Henzinger, Thomas A. and Kopke, Peter W.},
 year = {1999},
 title = {Discrete-time control for rectangular hybrid automata},
 keywords = {Hybride Automaten;Rectangular Automata},
 pages = {369--392},
 volume = {221},
 number = {1},
 issn = {0304-3975},
 journal = {Theoretical Computer Science}
}


@book{Henzinger.2000,
 author = {Henzinger, Thomas A.},
 year = {2000},
 title = {The theory of hybrid automata},
 publisher = {Springer},
 isbn = {3642640524}
}


@book{Hermann.2004,
 author = {Hermann, Martin},
 year = {2004},
 title = {Numerik gew{\"o}hnlicher Differentialgleichungen: Anfangs- und Randwertprobleme},
 address = {M{\"u}nchen [u.a.]},
 publisher = {Oldenbourg},
 isbn = {3486276069}
}


@article{Hildebrandt.2013,
 author = {Hildebrandt, Stephan and Lambers, Leen and Giese, Holger and Rieke, Jan and Greenyer, Joel and Sch{\"a}fer, Wilhelm and Lauder, Marius and Anjorin, Anthony and Sch{\"u}rr, Andy},
 year = {2013},
 title = {A survey of triple graph grammar tools},
 keywords = {Tripelgraphgrammatik},
 volume = {57},
 issn = {1863-2122},
 journal = {Electronic Communications of the EASST}
}


@article{Hulsbusch.2010,
 author = {H{\"u}lsbusch, Mathias and K{\"o}nig, Barbara and Rensink, Arend and Semenyak, Maria and Soltenborn, Christian and Wehrheim, Heike},
 year = {2010},
 title = {Full semantics preservation in model transformation-a comparison of proof techniques}
}


@misc{InternationalOrganizationforStandardization.,
 title = {ISO 26262 - Road vehicles -- Functional safety},
 number = {26262},
 author = {{International Organization for Standardization}}
}


@article{Jacobs.1997,
 author = {Jacobs, Bart and Rutten, Jan},
 year = {1997},
 title = {A tutorial on (co) algebras and (co) induction},
 keywords = {Kategorientheorie;WP~III - Verifikation},
 pages = {222--259},
 volume = {62},
 issn = {0252-9742},
 journal = {BULLETIN-EUROPEAN ASSOCIATION FOR THEORETICAL COMPUTER SCIENCE}
}


@article{Jakumeit.,
 author = {Jakumeit, Edgar and Buchwald, Sebastian and Wagelaar, Dennis and Dan, Li and Heged{\"u}s, Abel and Herrmannsd{\"o}rfer, Markus and Horn, Tassilo and Kalnina, Elina and Krause, Christian and Lano, Kevin and Lepper, Markus and Rensink, Arend and Rose, Louis and W{\"a}tzoldt, Sebastian and Mazanek, Steffen},
 year = {2012},
 title = {A survey and comparison of transformation tools based on the transformation tool contest},
 keywords = {BA Mathias;Transformationssprachen},
 issn = {0167-6423},
 journal = {Science of Computer Programming}
}


@article{Janssens.1980,
 author = {Janssens, Dirk and Rozenberg, Grzegorz},
 year = {1980},
 title = {On the structure of node-label-controlled graph languages},
 pages = {191--216},
 volume = {20},
 number = {3},
 issn = {0020-0255},
 journal = {Information Sciences}
}


@unpublished{Kallenrode.14.08.2008,
 author = {Kallenrode, May-Britt},
 year = {14.08.2008},
 title = {Simple Simulation: Systemtheorie und SIMULINK},
 keywords = {Inspirationen f{\"u}r Transformationen;Simulink},
 address = {Osnabr{\"u}ck}
}


@article{Karsai.2003,
 author = {Karsai, Gabor and Agrawal, Aditya and Shi, Feng and Sprinkle, Jonathan},
 year = {2003},
 title = {On the use of graph transformation in the formal specification of model interpreters},
 pages = {1296--1321},
 volume = {9},
 number = {11},
 journal = {J. UCS}
}


@article{Karsai.2003b,
 author = {Karsai, Gabor and Sztipanovits, Janos and Ledeczi, Akos and Bapty, Ted},
 year = {2003},
 title = {Model-integrated development of embedded software},
 pages = {145--164},
 volume = {91},
 number = {1},
 issn = {0018-9219},
 journal = {Proceedings of the IEEE}
}


@article{Kindler.2007,
 author = {Kindler, Ekkart and Wagner, Robert},
 year = {2007},
 title = {Triple graph grammars: Concepts, extensions, implementations, and application scenarios},
 keywords = {Operationalisierung TGG;Tripelgraphgrammatik;triple graph grammar},
 journal = {University of Paderborn}
}


@phdthesis{Kohler.01.01.2006,
 author = {K{\"o}hler, Christian},
 year = {2006},
 title = {A Visual Model Transformation Environment for the Eclipse Modeling Framework},
 keywords = {BA Mathias;Refactoring;WP~II~Graph Transformations},
 school = {{Master's thesis, Technical University of Berlin, Faculty of Electrical Engineering and Computer Science}}
}


@article{KolahdouzRahimi.,
 author = {Kolahdouz-Rahimi, S. and Lano, K. and Pillay, S. and Troya, J. and {van Gorp}, P.},
 title = {Evaluation of model transformation approaches for model refactoring},
 url = {http://www.sciencedirect.com/science/article/pii/S0167642313001871},
 keywords = {Measurement;Model restructuring;Model transformation;Quality characteristics},
 number = {0},
 issn = {0167-6423},
 journal = {Science of Computer Programming},
 doi = {10.1016/j.scico.2013.07.013}
}


@article{Konigs.2006,
 author = {K{\"o}nigs, Alexander and Sch{\"u}rr, Andy},
 year = {2006},
 title = {Tool integration with triple graph grammars-a survey},
 keywords = {Tripelgraphgrammatik;triple graph grammar},
 pages = {113--150},
 volume = {148},
 number = {1},
 issn = {1571-0661},
 journal = {Electronic Notes in Theoretical Computer Science}
}


@phdthesis{Lambers.07.09.2009,
 author = {Lambers, Leen},
 year = {07.09.2009},
 title = {Certifying Rule-Based Models using Graph Transformation},
 address = {Berlin},
 publisher = {Fakult{\"a}t IV - Elektrotechnik und Informatik},
 school = {{Technische Universit{\"a}t Berlin}},
 type = {Dissertation}
}


@incollection{Lanotte.2005,
 author = {Lanotte, Ruggero and Tini, Simone},
 title = {Taylor approximation for hybrid systems},
 pages = {402--416},
 publisher = {Springer},
 isbn = {3540251081},
 booktitle = {Hybrid Systems: Computation and Control},
 year = {2005}
}


@incollection{Lara.2004,
 author = {Lara, Juan de and Guerra, Esther and Vangheluwe, Hans},
 title = {Meta-Modelling, graph transformation and model checking for the analysis of hybrid systems},
 pages = {292--298},
 publisher = {Springer},
 isbn = {3540221204},
 booktitle = {Applications of Graph Transformations with Industrial Relevance},
 year = {2004}
}


@article{Lara.2010,
 author = {Lara, Juan de and Vangheluwe, Hans},
 year = {2010},
 title = {Automating the transformation-based analysis of visual languages},
 pages = {297--326},
 volume = {22},
 number = {3-4},
 issn = {0934-5043},
 journal = {Formal aspects of computing}
}


@article{Lara.2010b,
 author = {Lara, Juan de and Vangheluwe, Hans},
 year = {2010},
 title = {Automating the transformation-based analysis of visual languages},
 pages = {297--326},
 volume = {22},
 number = {3-4},
 issn = {0934-5043},
 journal = {Formal aspects of computing}
}


@phdthesis{LAYOUTALGORITHMUS.2012,
 author = {Klauske, Lars Kristian},
 year = {2012},
 title = {Effizientes Bearbeiten von Simulink Modellen mit Hilfe eines spezifisch angepassten Layoutalgorithmus},
 address = {Berlin},
 publisher = {Fakult{\"a}t IV~- Elektrotechnik und Informatik},
 school = {{Technische Universit{\"a}t Berlin}},
 type = {Dissertation}
}


@phdthesis{Lazar.2006,
 author = {Lazar, Mircea},
 year = {2006},
 title = {Model predictive control of hybrid systems: Stability and robustness},
 keywords = {Erweiterung hybride Systeme;hybride Systeme mit Kontrollfluss;IFM~Paper 2016;Robustheit},
 address = {Eindhoven},
 school = {{Technische Universiteit Eindhoven}},
 type = {Dissertation}
}


@incollection{Lee.2005,
 author = {Lee, Edward A. and Zheng, Haiyang},
 title = {Operational semantics of hybrid systems},
 pages = {25--53},
 publisher = {Springer},
 isbn = {3540251081},
 booktitle = {Hybrid Systems: Computation and Control},
 year = {2005}
}


@article{Legros.2009,
 author = {Legros, Elodie and Amelunxen, Carsten and Klar, Felix and Sch{\"u}rr, Andy},
 year = {2009},
 title = {Generic and reflective graph transformations for checking and enforcement of modeling guidelines},
 keywords = {Simulink Refactorings},
 pages = {252--268},
 volume = {20},
 number = {4},
 issn = {1045-926X},
 journal = {Journal of Visual Languages {\&} Computing}
}


@article{Lehman.1980,
 author = {Lehman, Meir M.},
 year = {1980},
 title = {Programs, life cycles, and laws of software evolution},
 keywords = {Eigenes~Paper I;Wartungsaufwand},
 pages = {1060--1076},
 volume = {68},
 number = {9},
 issn = {0018-9219},
 journal = {Proceedings of the IEEE}
}


@article{Leitner.2006,
 author = {Leitner, Johannes and {Blech, Dipl-Inform Jan Olaf} and Glesner, Sabine},
 year = {2006},
 title = {Verifikation von Modelltransformationen basierend auf Triple Graph Grammatiken},
 keywords = {bisimulation;M2C;Transformationskorrektheit},
 journal = {Unpublished master thesis, Department of Computer Science, Berlin University of Technology}
}


@incollection{Lin.2005,
 author = {Lin, Yuehua and Zhang, Jing and Gray, Jeff},
 title = {A testing framework for model transformations},
 pages = {219--236},
 publisher = {Springer},
 isbn = {354025613X},
 booktitle = {Model-driven software development},
 year = {2005}
}


@proceedings{Lisitsa.2015,
 year = {2015},
 title = {Proceedings of the Third International Workshop on Verification and Program Transformation},
 url = {http://eptcs.web.cse.unsw.edu.au/content.cgi?VPT2015},
 volume = {199},
 series = {EPTCS},
 editor = {Lisitsa, Alexei and Nemytyk, Andrei and Pettorossi, Alberto},
 doi = {10.4204/EPTCS.199}
}


@incollection{Lucio.2010,
 author = {L{\'u}cio, Levi and Barroca, Bruno and Amaral, Vasco},
 title = {A technique for automatic validation of model transformations},
 keywords = {Strukturelle Transformationskorrektheit;Transformationskorrektheit},
 pages = {136--150},
 publisher = {Springer},
 isbn = {3642161448},
 booktitle = {Model Driven Engineering Languages and Systems},
 year = {2010}
}


@book{Mahmoud.1984,
 author = {Mahmoud, Magdi S.},
 year = {1984},
 title = {Discrete systems: Analysis, control and optimization},
 keywords = {Diskrete Systeme;Normalform diskrete Systeme;Regelungstechnik;Related Work Diss preliminary},
 address = {Berlin},
 publisher = {Springer},
 isbn = {3-540-13645-2}
}


@phdthesis{Marschall.2004,
 author = {Marschall, Frank},
 year = {2004},
 title = {Modelltransformationen ale Mittel der modellbasierten Entwicklung von Software-Systemen},
 address = {M{\"u}nchen},
 school = {{Technische Universit{\"a}t M{\"u}nchen}},
 type = {Dissertation}
}


@misc{Mathworks.RateTrans,
 author = {{The Mathworks}, Inc.},
 title = {Rate Transition Block},
 url = {http://de.mathworks.com/help/simulink/slref/ratetransition.html}
}
@misc{Mathworks.F14,
 author = {{The Mathworks}, Inc.},
 title = {Longitudinal Flight Control of Grumman Aerospace F-14},
 url = {https://de.mathworks.com/help/simulink/examples/aircraft-longitudinal-flight-control.html}
}



@proceedings{Mayr.1994,
 year = {1994},
 title = {Graph-Theoretic Concepts in Computer Science: 20th International Workshop, WG '94},
 editor = {Mayr, Ernst W. and Schmidt, Gunther and Tinhofer, Gottfried}
}


@article{Mens.2004,
 author = {Mens, Tom and Tourw{\'e}, Tom},
 year = {2004},
 title = {A survey of software refactoring},
 keywords = {Refactoring;Related Work Diss preliminary},
 pages = {126--139},
 volume = {30},
 number = {2},
 issn = {0098-5589},
 journal = {Software Engineering, IEEE Transactions on}
}


@incollection{Mens.2006,
 author = {Mens, Tom},
 title = {On the use of graph transformations for model refactoring},
 pages = {219--257},
 publisher = {Springer},
 isbn = {354045778X},
 booktitle = {Generative and transformational techniques in software engineering},
 year = {2006}
}


@article{Mens.2006b,
 author = {Mens, Tom and {van Gorp}, Pieter},
 year = {2006},
 title = {A taxonomy of model transformation},
 pages = {125--142},
 volume = {152},
 issn = {1571-0661},
 journal = {Electronic Notes in Theoretical Computer Science}
}


@article{Mens.2006c,
 author = {Mens, Tom and {van Gorp}, Pieter and Varr{\'o}, D{\'a}niel and Karsai, Gabor},
 year = {2006},
 title = {Applying a model transformation taxonomy to graph transformation technology},
 pages = {143--159},
 volume = {152},
 issn = {1571-0661},
 journal = {Electronic Notes in Theoretical Computer Science}
}


@article{Mens.2006d,
 author = {Mens, Tom and {van Gorp}, Pieter and Varr{\'o}, D{\'a}niel and Karsai, Gabor},
 year = {2006},
 title = {Applying a model transformation taxonomy to graph transformation technology},
 pages = {143--159},
 volume = {152},
 issn = {1571-0661},
 journal = {Electronic Notes in Theoretical Computer Science}
}


@proceedings{Mery.1114October2010,
 year = {2010},
 title = {Integrated Formal Methods: Lecture Notes in Computer Science Vol. 6396 2010},
 editor = {M{\'e}ry, Dominique and Merz, Stephan}
}


@misc{Moore.2004,
 author = {Moore, Bill},
 year = {2004},
 title = {Eclipse Development using the Graphical Editing Framework and the Eclipse Modeling Framework}
}


@book{Nachnamenichtvorhanden.2008,
 author = {Rautenberg, Wolfgang},
 year = {2008},
 title = {Einf{\"u}hrung in die Mathematische Logik},
 url = {http://www.springerlink.com/content/978-3-8348-0578-2/},
 address = {[[Wiesbaden]]},
 edition = {3},
 publisher = {{[[Vieweg Teubner Verlag|Vieweg Teubner]]}},
 isbn = {978-3-8348-0578-2}
}


@article{Narayanan.2008,
 author = {Narayanan, Anantha and Karsai, Gabor},
 year = {2008},
 title = {Towards verifying model transformations},
 keywords = {bisimulation;Ergebniskorrektheit;Graph transformation;verification},
 pages = {191--200},
 volume = {211},
 issn = {1571-0661},
 journal = {Electronic Notes in Theoretical Computer Science}
}


@article{Narayanan.2008c,
 author = {Narayanan, Anantha and Karsai, Gabor},
 year = {2008},
 title = {Verifying model transformations by structural correspondence},
 keywords = {Eigenes~Paper I;Ergebniskorrektheit},
 volume = {10},
 issn = {1863-2122},
 journal = {Electronic Communications of the EASST}
}


@book{Nielson.1992,
 author = {Nielson, Hanne Riis and Nielson, Flemming},
 year = {1992},
 title = {Semantics with applications: A formal introduction},
 keywords = {semantics},
 address = {Chichester...[etc.]},
 publisher = {{John Wiley and Sons}},
 isbn = {0-471-92980-8}
}


@book{Nielson.1999,
 author = {Nielson, Flemming and Hankin, Chris and Nielson, Hanne},
 year = {1999},
 title = {Principles of program analysis: With 51 tables},
 address = {Berlin [u.a.]},
 publisher = {Springer},
 isbn = {3-540-65410-0}
}


@article{Pappas.2003,
 author = {Pappas, George J.},
 year = {2003},
 title = {Bisimilar linear systems},
 keywords = {Paper Epsilon Schlauch},
 pages = {2035--2047},
 volume = {39},
 number = {12},
 issn = {0005-1098},
 journal = {Automatica}
}


@phdthesis{Pennemann.2008,
 author = {Pennemann, Karl-heinz},
 title = {Development of correct graph transformation systems},
 type = {Dissertation}
}

@InCollection{Pettersson.,
  author =    {Pettersson, Stefan and Lennartson, Bengt},
  title =     {Stability and robustness for hybrid systems},
  booktitle = {Proceedings of the 35th IEEE Conference on Decision and Control},
  publisher = {IEEE},
  year =      {1996},
  keywords =  {Erweiterung hybride Systeme;hybride Systeme mit Kontrollfluss;IFM~Paper 2016;Robustheit;Stabilit{\"a}t}
}


@article{Pierce.1988,
 author = {Pierce, Benjamin C.},
 year = {1988},
 title = {A taste of category theory for computer scientists}
}


@book{Pierce.1991,
 author = {Pierce, Benjamin C.},
 year = {1991},
 title = {Basic category theory for computer scientists: Literaturverz. S. 81 - 91},
 address = {Cambridge, Mass},
 publisher = {{MIT Press}},
 isbn = {978-0-262-66071-6}
}


@incollection{Platzer.2008,
 author = {Platzer, Andr{\'e} and Quesel, Jan-David},
 title = {KeYmaera: A hybrid theorem prover for hybrid systems (system description)},
 keywords = {Automatisierung;Hybride Systeme;KeyMaera;Theorembeweiser;Verifikation},
 pages = {171--178},
 publisher = {Springer},
 isbn = {3540710698},
 booktitle = {Automated Reasoning},
 year = {2008}
}


@article{Platzer.2008b,
 author = {Platzer, Andr{\'e}},
 year = {2008},
 title = {Differential dynamic logic for hybrid systems},
 pages = {143--189},
 volume = {41},
 number = {2},
 issn = {0168-7433},
 journal = {Journal of Automated Reasoning}
}


@article{Plump.1993,
 author = {Plump, Detlef},
 year = {1993},
 title = {Hypergraph rewriting: Critical pairs and undecidability of confluence},
 pages = {201--213},
 volume = {15},
 journal = {Term graph rewriting: theory and practice}
}


@incollection{Plump.2005,
 author = {Plump, Detlef},
 title = {Confluence of graph transformation revisited},
 pages = {280--308},
 publisher = {Springer},
 isbn = {354030911X},
 booktitle = {Processes, Terms and Cycles: Steps on the Road to Infinity},
 year = {2005}
}


@article{Pola.2008,
 author = {Pola, Giordano and Girard, Antoine and Tabuada, Paulo},
 year = {2008},
 title = {Approximately bisimilar symbolic models for nonlinear control systems},
 keywords = {Hybride Systeme;Stabilit{\"a}t;Symbolische Interpretation},
 pages = {2508--2516},
 volume = {44},
 number = {10},
 issn = {0005-1098},
 journal = {Automatica}
}


@article{Pola.2009,
 author = {Pola, Giordano and Tabuada, Paulo},
 year = {2009},
 title = {Symbolic models for nonlinear control systems: Alternating approximate bisimulations},
 keywords = {Paper Epsilon Schlauch},
 pages = {719--733},
 volume = {48},
 number = {2},
 issn = {0363-0129},
 journal = {SIAM Journal on Control and Optimization}
}


@article{Poll.2001,
 author = {Poll, Erik and Zwanenburg, Jan},
 year = {2001},
 title = {From algebras and coalgebras to dialgebras},
 keywords = {Kategorientheorie},
 pages = {289--307},
 volume = {44},
 number = {1},
 issn = {1571-0661},
 journal = {Electronic Notes in Theoretical Computer Science}
}


@book{Porres.2003,
 author = {Porres, Ivan},
 year = {2003},
 title = {Model refactorings as rule-based update transformations},
 keywords = {Refactoring},
 publisher = {Springer},
 isbn = {3540202439}
}


@article{Quesel.2015,
 author = {Quesel, Jan-David and Mitsch, Stefan and Loos, Sarah and Ar{\'e}chiga, Nikos and Platzer, Andr{\'e}},
 year = {2015},
 title = {How to model and prove hybrid systems with KeYmaera: a tutorial on safety},
 keywords = {Hybride Systeme;KeyMaera;Theorembeweiser;Verifikation},
 pages = {1--25},
 issn = {1433-2779},
 journal = {International Journal on Software Tools for Technology Transfer}
}


@incollection{Rangel.2008,
 author = {Rangel, Guilherme and Lambers, Leen and K{\"o}nig, Barbara and Ehrig, Hartmut and Baldan, Paolo},
 title = {Behavior preservation in model refactoring using DPO transformations with borrowed contexts},
 keywords = {Eigenes~Paper I;Refactoring;Transformationskorrektheit},
 volume = {5214},
 isbn = {3540874046},
 editor = {Ehrig, Hartmut},
 booktitle = {Graph Transformations: Literaturangaben},
 year = {2008}
}


@phdthesis{Ray.01.01.2007,
 author = {Ray, Rajarshi},
 year = {01.01.2007},
 title = {Automated translation of matlab simulink/stateflow models to an intermediate format in hyvisual},
 keywords = {Hybride Automaten;Simulink},
 school = {{Chennai Mathematical Institute}}
}


@incollection{Reicherdt.2014,
 author = {Reicherdt, Robert and Glesner, Sabine},
 title = {Formal Verification of Discrete-Time MATLAB/Simulink Models Using Boogie},
 pages = {190--204},
 publisher = {Springer},
 isbn = {3319104306},
 booktitle = {Software Engineering and Formal Methods},
 year = {2014}
}


@article{Rekers.1997,
 author = {Rekers, Jan and Sch{\"u}rr, Andy},
 year = {1997},
 title = {Defining and parsing visual languages with layered graph grammars},
 pages = {27--55},
 volume = {8},
 number = {1},
 issn = {1045-926X},
 journal = {Journal of Visual Languages {\&} Computing}
}


@incollection{Rensink.2004,
 author = {Rensink, Arend and Schmidt, {\'A}kos and Varr{\'o}, D{\'a}niel},
 title = {Model checking graph transformations: A comparison of two approaches},
 pages = {226--241},
 publisher = {Springer},
 isbn = {3540232079},
 booktitle = {Graph Transformations},
 year = {2004}
}


@article{Ribeiro.2012,
 author = {Ribeiro, Leila and {dos Santos, Osmar Marchi} and Dotti, Fernando Lu{\'i}s and Foss, Luciana},
 year = {2012},
 title = {Correct transformation: From object-based graph grammars to PROMELA},
 pages = {214--246},
 volume = {77},
 number = {3},
 issn = {0167-6423},
 journal = {Science of Computer Programming}
}


@article{RobertReicherdtandSabineGlesner.,
 author = {{Robert Reicherdt and Sabine Glesner}},
 title = {Slicing MATLAB Simulink Models},
 keywords = {Related Work Referenz;Simulink Semantik;Slicing}
}


@incollection{Rose.2010,
 author = {Rose, Louis M. and Kolovos, Dimitrios S. and Paige, Richard F. and Polack, Fiona A. C.},
 title = {Model migration with epsilon flock},
 pages = {184--198},
 publisher = {Springer},
 isbn = {3642136877},
 booktitle = {Theory and Practice of Model Transformations},
 year = {2010}
}


@article{Rose.2012,
 author = {Rose, Louis M. and Herrmannsdoerfer, Markus and Mazanek, Steffen and {van Gorp}, Pieter and Buchwald, Sebastian and Horn, Tassilo and Kalnina, Elina and Koch, Andreas and Lano, Kevin and Sch{\"a}tz, Bernhard},
 year = {2012},
 title = {Graph and model transformation tools for model migration},
 keywords = {BA Mathias},
 pages = {1--37},
 issn = {1619-1366},
 journal = {Software {\&} Systems Modeling}
}


@book{Rozenberg.1997,
 author = {Rozenberg, Grzegorz},
 year = {1997},
 title = {Handbook of graph grammars and computing by graph transformation, vol 1: Foundations},
 keywords = {Eigenes~Paper I},
 publisher = {{World Scientific}},
 isbn = {9812384723}
}


@article{Rutten.2000,
 author = {Rutten, Jan JMM},
 year = {2000},
 title = {Universal coalgebra: a theory of systems},
 keywords = {WP~III - Verifikation},
 pages = {3--80},
 volume = {249},
 number = {1},
 issn = {0304-3975},
 journal = {Theoretical Computer Science}
}


@proceedings{Schieferdecker.2008,
 year = {2008},
 title = {Model driven architecture - foundations and applications: 4th European conference, ECMDA-FA 2008, Berlin, Germany, June 9 - 13, 2008 ; proceedings: Literaturangaben},
 keywords = {Modellgetriebene Entwicklung},
 volume = {5095},
 isbn = {9783540690955},
 series = {Lecture Notes in Computer Science},
 editor = {Schieferdecker, Ina and Hartman, Alan}
}


@inproceedings{Schlesinger.2015,
 author = {Schlesinger, Sebastian and Herber, Paula and G{\"o}thel, Thomas and Glesner, Sabine},
 title = {Towards the Verification of Refactorings of Hybrid Simulink Models},
 url = {http://eptcs.web.cse.unsw.edu.au/content.cgi?VPT2015#EPTCS199.5},
 pages = {69},
 volume = {199},
 series = {EPTCS},
 editor = {Lisitsa, Alexei and Nemytyk, Andrei and Pettorossi, Alberto},
 booktitle = {VPT},
 year = {2015},
 doi = {10.4204/EPTCS.199}
}


@inproceedings{Schlesinger.2016,
 author = {Schlesinger, Sebastian and Herber, Paula and G{\"o}thel, Thomas and Glesner, Sabine},
 year = {2016},
 title = {Proving Transformation Correctness of Refactorings for Discrete and Continuous Simulink Models},
 pages={45-50},
 booktitle={ICONS, EMBEDDED}, 
 isbn={978-1-61208-451-0}
}

@inproceedings{Schlesinger.CyPhy,
 author = {Schlesinger, Sebastian and Herber, Paula and G{\"o}thel, Thomas and Glesner, Sabine},
 year = {2016},
 title = {Proving Correctness of Refactorings for Hybrid Simulink Models with Control Flow},
 booktitle={CyPhy}
}


@article{Schmidt.1997,
 author = {Schmidt, David A. and Semantics, Denotational},
 year = {1997},
 title = {A Methodology for Language Development},
 keywords = {Denotationelle Semantik;WP~I Simulink Semantik}
}


@phdthesis{Schneider.,
 author = {Schneider, Hans Juergen},
 title = {Graph Transformations: An Introduction to the Categorial Approach},
 publisher = {Informatik},
 school = {{Universit{\"a}t Erlangen-Nuernberg}},
 type = {Skript}
}


@inproceedings{Schuerr.1995,
 author = {Schuerr, Andy and Winter, Andreas J. and Z{\"u}ndorf, Albert},
 title = {Visual programming with graph rewriting systems},
 keywords = {Eigenes~Paper I;ProGres},
 booktitle = {Proceedings of Symposium on Visual Languages}
}


@article{Schurr.1999,
 author = {Sch{\"u}rr, Andy and Winter, Andreas J. and Z{\"u}ndorf, Albert},
 year = {1999},
 title = {The PROGRES approach: Language and environment}
}


@incollection{Schurr.2008,
 author = {Sch{\"u}rr, Andy and Klar, Felix},
 title = {15 years of triple graph grammars},
 keywords = {Tripelgraphgrammatik;triple graph grammar},
 pages = {411--425},
 volume = {5214},
 isbn = {3540874046},
 editor = {Ehrig, Hartmut},
 booktitle = {Graph Transformations: Literaturangaben},
 year = {2008}
}


@article{Shampine.1997,
 author = {Shampine, Lawrence F. and Reichelt, Mark W.},
 year = {1997},
 title = {The matlab ode suite},
 keywords = {Differentialgleichungen;WP~I Simulink Semantik},
 pages = {1--22},
 volume = {18},
 number = {1},
 issn = {1064-8275},
 journal = {SIAM journal on scientific computing}
}


@incollection{Stauner.2002,
 author = {Stauner, Thomas},
 title = {Discrete-time refinement of hybrid automata},
 keywords = {Hybride Automaten;Refinement},
 pages = {407--420},
 publisher = {Springer},
 isbn = {354043321X},
 booktitle = {Hybrid Systems: Computation and Control},
 year = {2002}
}


@book{Steiglitz.1974,
 author = {Steiglitz, Kenneth},
 year = {1974},
 title = {An introduction to discrete systems: With a foreword by M. E. VanValkenburg},
 keywords = {Diskrete Systeme;Normalform diskrete Systeme;Regelungstechnik;Related Work Diss preliminary},
 address = {New York},
 publisher = {Wiley},
 isbn = {0-471-82097-0}
}


@book{Steinberg.2009,
 author = {Steinberg, Dave},
 year = {2009},
 title = {EMF - Eclipse Modeling Framework: Hier auch sp{\"a}ter erschienene, unver{\"a}nderte Nachdrucke},
 keywords = {Eclipse {\textless}Programmierumgebung{\textgreater}},
 address = {Upper Saddle River, NJ,  Munich},
 edition = {2. ed., rev. and updated, 1. printing},
 publisher = {{Addison Wesley}},
 isbn = {0-321-33188-5}
}


@incollection{Stevens.2008,
 author = {Stevens, Perdita},
 title = {A landscape of bidirectional model transformations},
 pages = {408--424},
 publisher = {Springer},
 isbn = {3540886427},
 booktitle = {Generative and transformational techniques in software engineering II},
 year = {2008}
}


@article{Stuermer.2007,
 author = {Stuermer, Ingo and Conrad, Mirko and Doerr, Heiko and Pepper, Peter},
 year = {2007},
 title = {Systematic testing of model-based code generators},
 pages = {622--634},
 volume = {33},
 number = {9},
 issn = {0098-5589},
 journal = {Software Engineering, IEEE Transactions on}
}


@book{Sworder.1999,
 author = {Sworder, David D. and Boyd, John E.},
 year = {1999},
 title = {Estimation problems in hybrid systems},
 url = {http://search.ebscohost.com/login.aspx?direct=true&scope=site&db=nlebk&db=nlabk&AN=91540},
 address = {Cambridge, New York},
 publisher = {{Cambridge University Press}},
 isbn = {9780521623209}
}


@phdthesis{Syriani.01.01.2011,
 author = {Syriani, Eugene},
 year = {01.01.2011},
 title = {A multi-paradigm foundation for model transformation language engineering},
 school = {{McGill University}}
}


@incollection{Taentzer.2004,
 author = {Taentzer, Gabriele},
 title = {AGG: A graph transformation environment for modeling and validation of software},
 pages = {446--453},
 publisher = {Springer},
 isbn = {3540221204},
 booktitle = {Applications of Graph Transformations with Industrial Relevance},
 year = {2004}
}


@book{Teschl.2012,
 author = {Teschl, Gerald},
 year = {2012},
 title = {Ordinary differential equations and dynamical systems},
 address = {Providence, RI},
 volume = {140},
 publisher = {{American Math. Soc}},
 isbn = {978-0-8218-8328-0},
 series = {Graduate studies in mathematics}
}


@misc{TheMathworks.,
 author = {{The Mathworks}, Inc.},
 title = {Simulink Documentation Website},
 url = {http://de.mathworks.com/help/simulink/}
}


@article{Tiwari.2002b,
 author = {Tiwari, Ashish},
 year = {2002},
 title = {Formal semantics and analysis methods for Simulink Stateflow models},
 keywords = {Simulink Semantik},
 journal = {Unpublished report, SRI International}
}


@article{Tiwari.2008,
 author = {Tiwari, Ashish},
 year = {2008},
 title = {Abstractions for hybrid systems},
 keywords = {Paper Epsilon Schlauch},
 pages = {57--83},
 volume = {32},
 number = {1},
 issn = {0925-9856},
 journal = {Formal Methods in System Design}
}


@inproceedings{Tran.,
 author = {Tran, Quang Minh and Dziobek, Christian},
 title = {Ansatz zur Erstellung und Wartung von Simulink Modellen durch den Einsatz von Transformationen/Refactorings und Generierungsoptionen},
 keywords = {BA Mathias;Related Work Simulink Refactorings;WP~II~Graph Transformations},
 editor = {Giese, Holger},
 booktitle = {Proceedings of the Model-Based Development of Embedded Systems Workshop (MBEES)}
}


@article{Tripakis.2005,
 author = {Tripakis, Stavros and Sofronis, Christos and Caspi, Paul and Curic, Adrian},
 year = {2005},
 title = {Translating discrete-time Simulink to Lustre},
 keywords = {Simulink Semantik},
 pages = {779--818},
 volume = {4},
 number = {4},
 issn = {1539-9087},
 journal = {ACM Transactions on Embedded Computing Systems (TECS)}
}


@book{Unbehauen.2007,
 author = {Unbehauen, Heinz},
 year = {2007},
 title = {Zustandsregelungen, digitale und nichtlineare Regelsysteme: Regelungstechnik / mit ... 9 Tabellen: In 7. Aufl. Bd. 1 mehrb{\"a}ndig},
 keywords = {Regelungstechnik;Related Work Diss preliminary},
 address = {Braunschweig},
 edition = {9., durchges. und korr. Aufl.},
 publisher = {Vieweg},
 isbn = {978-3-528-83348-0}
}


@book{Unbehauen.2008,
 author = {Unbehauen, Heinz},
 year = {2008},
 title = {Klassische Verfahren zur Analyse und Synthese linearer kontinuierlicher Regelsysteme, Fuzzy-Regelsysteme: Regelungstechnik / mit 25 Tabellen: In 7. Aufl. Bd. 1 mehrb{\"a}ndig},
 keywords = {Regelungstechnik;Related Work Diss preliminary},
 address = {Braunschweig},
 edition = {15., {\"u}berarb. u. erw. Aufl.},
 publisher = {Vieweg},
 isbn = {978-3-8348-0497-6}
}


@incollection{Uselton.1994,
 author = {Uselton, Andrew C. and Smolka, Scott A.},
 title = {A compositional semantics for Statecharts using labeled transition systems},
 pages = {2--17},
 publisher = {Springer},
 isbn = {3540583297},
 booktitle = {CONCUR'94: Concurrency Theory},
 year = {1994}
}


@book{vanBeekDirkA.2007,
 author = {{van Beek, Dirk A} and Reniers, Michel A. and Schiffelers, Ramon R. H. and Rooda, J. E.},
 year = {2007},
 title = {Foundations of a compositional interchange format for hybrid systems},
 keywords = {hybrid automaton;Hybride Automaten;Simulink Semantik},
 publisher = {Springer},
 isbn = {3540714928}
}


@article{VanderSchaftAJ.2004,
 author = {{Van der Schaft, AJ}},
 year = {2004},
 title = {Equivalence of dynamical systems by bisimulation},
 keywords = {Paper Epsilon Schlauch},
 pages = {2160--2172},
 volume = {49},
 number = {12},
 issn = {0018-9286},
 journal = {Automatic Control, IEEE Transactions on}
}


@book{VanDerSchaftArjanJ.2000,
 author = {{Van Der Schaft, Arjan J} and Schumacher, Johannes Maria and {van der Schaft, Abraham Jan}},
 year = {2000},
 title = {An introduction to hybrid dynamical systems},
 publisher = {{Springer London}}
}


@article{Varro.2002,
 author = {Varr{\'o}, D{\'a}niel and Varr{\'o}, Gergely and Pataricza, Andr{\'a}s},
 year = {2002},
 title = {Designing the automatic transformation of visual languages},
 keywords = {Eigenes~Paper I},
 pages = {205--227},
 volume = {44},
 number = {2},
 issn = {0167-6423},
 journal = {Science of Computer Programming}
}


@article{Varro.2003b,
 author = {Varr{\'o}, D{\'a}niel and Pataricza, Andr{\'a}s},
 year = {2003},
 title = {Automated formal verification of model transformations},
 keywords = {Ergebniskorrektheit;Kriterien f{\"u}r Modelltransformationen;Petrinetze;UML},
 pages = {63--78},
 journal = {CSDUML}
}


@article{Varro.2004,
 author = {Varr{\'o}, D{\'a}niel},
 year = {2004},
 title = {Automated formal verification of visual modeling languages by model checking},
 keywords = {Eigenes~Paper I},
 pages = {85--113},
 volume = {3},
 number = {2},
 issn = {1619-1366},
 journal = {Software and Systems Modeling}
}


@article{Varro.2007,
 author = {Varr{\'o}, D{\'a}niel and Balogh, Andr{\'a}s},
 year = {2007},
 title = {The model transformation language of the VIATRA2 framework},
 pages = {214--234},
 volume = {68},
 number = {3},
 issn = {0167-6423},
 journal = {Science of Computer Programming}
}


@article{Verdoolaege.2012,
 author = {Verdoolaege, Sven and Janssens, Gerda and Bruynooghe, Maurice},
 year = {2012},
 title = {Equivalence checking of static affine programs using widening to handle recurrences},
 pages = {11},
 volume = {34},
 number = {3},
 issn = {0164-0925},
 journal = {ACM Transactions on Programming Languages and Systems (TOPLAS)}
}


@book{Walter.2000,
 author = {Walter, Wolfgang},
 year = {2000},
 title = {Gew{\"o}hnliche Differentialgleichungen: Eine Einf{\"u}hrung},
 address = {Berlin},
 edition = {7., neu bearb. und erw. Aufl},
 publisher = {Springer},
 isbn = {978-3-540-67642-3}
}


@article{Wang.2014,
 author = {Wang, Xiaoliang and Lamo, Yngve and B{\"u}ttner, F.},
 year = {2014},
 title = {Verification of graph-based model transformation using alloy},
 keywords = {WP~III - Verifikation},
 journal = {In: Proc. of GTVMT}
}


@book{Werner.2011,
 author = {Werner, Dirk},
 year = {2011},
 title = {Funktionalanalysis},
 address = {Berlin},
 edition = {7., korrigierte und erweiterte Auflage},
 publisher = {Springer},
 isbn = {978-3-642-21017-4},
 series = {Springer-Lehrbuch}
}


@misc{Wikipedia.17.01.2014,
 editor = {Wikipedia},
 year = {17.01.2014},
 title = {Halteproblem},
 url = {http://de.wikipedia.org/w/index.php?oldid=126567839},
 urldate = {24.01.2014}
}


@misc{Wikipedia.24.12.2013,
 editor = {Wikipedia},
 year = {24.12.2013},
 title = {VIATRA - Wikipedia, the free encyclopedia},
 url = {http://en.wikipedia.org/w/index.php?oldid=509293493},
 urldate = {24.01.2014}
}


@misc{Wikipedia.27.12.2013,
 editor = {Wikipedia},
 year = {27.12.2013},
 title = {Satz von Rice},
 url = {http://de.wikipedia.org/w/index.php?oldid=125530719},
 urldate = {24.01.2014}
}


@misc{Wikipedia.27.12.2013b,
 editor = {Wikipedia},
 year = {27.12.2013},
 title = {Object Constraint Language},
 url = {http://de.wikipedia.org/w/index.php?oldid=117137370},
 urldate = {24.01.2014}
}


@article{Zhou.2012,
 author = {Zhou, Changyan and Kumar, Ratnesh},
 year = {2012},
 title = {Semantic translation of simulink diagrams to input/output extended finite automata},
 keywords = {Simulink Semantik},
 pages = {223--247},
 volume = {22},
 number = {2},
 issn = {0924-6703},
 journal = {Discrete Event Dynamic Systems}
}


